<?xml version="1.0" encoding="UTF-8"?>
<Document xmlns="urn:iso:std:iso:20022:tech:xsd:camt.054.001.04" xmlns:xsi="http://www.w3.org/2001/XMLSchema-instance" xsi:schemaLocation="urn:iso:std:iso:20022:tech:xsd:camt.054.001.04 camt.054.001.04.xsd">
  <BkToCstmrDbtCdtNtfctn>
    <GrpHdr>
      <MsgId>C054230201095801</MsgId>
      <CreDtTm>2023-02-01T09:58:05+01:00</CreDtTm>
      <MsgRcpt>
        <Id>
          <OrgId>
            <AnyBIC>UBSWCHZHCCS</AnyBIC>
          </OrgId>
        </Id>
      </MsgRcpt>
      <MsgPgntn>
        <PgNb>1</PgNb>
        <LastPgInd>true</LastPgInd>
      </MsgPgntn>
      <AddtlInf>SPS/1.7</AddtlInf>
    </GrpHdr>
    <Ntfctn>
      <Id>0002302010958001</Id>
      <CreDtTm>2023-02-01T09:58:05+01:00</CreDtTm>
      <FrToDt>
        <FrDtTm>2023-02-01T00:00:00+01:00</FrDtTm>
        <ToDtTm>2023-02-01T23:59:59+01:00</ToDtTm>
      </FrToDt>
      <RptgSrc>
        <Prtry>C53C</Prtry>
      </RptgSrc>
      <Acct>
        <Id>
          <IBAN>CH2801234000123456789</IBAN>
        </Id>
        <Ccy>CHF</Ccy>
        <Ownr>
          <Nm>Unifits GmbH</Nm>
        </Ownr>
        <Svcr>
          <FinInstnId>
            <BICFI>UBSWCHZH80A</BICFI>
            <Nm>UBS SWITZERLAND AG</Nm>
            <Othr>
              <Id>CHE-116.303.292 MWST</Id>
              <Issr>VAT-ID</Issr>
            </Othr>
          </FinInstnId>
        </Svcr>
      </Acct>
      <Ntry>
        <Amt Ccy="CHF">80</Amt>
        <CdtDbtInd>DBIT</CdtDbtInd>
        <Sts>BOOK</Sts>
        <BookgDt>
          <Dt>2023-02-01</Dt>
        </BookgDt>
        <ValDt>
          <Dt>2023-02-01</Dt>
        </ValDt>
        <AcctSvcrRef>ACSR230201095801</AcctSvcrRef>
        <BkTxCd>
          <Domn>
            <Cd>PMNT</Cd>
            <Fmly>
              <Cd>ICDT</Cd>
              <SubFmlyCd>AUTT</SubFmlyCd>
            </Fmly>
          </Domn>
          <Prtry>
            <Cd>Z24</Cd>
          </Prtry>
        </BkTxCd>
        <AmtDtls>
          <InstdAmt>
            <Amt Ccy="CHF">80</Amt>
          </InstdAmt>
          <TxAmt>
            <Amt Ccy="CHF">80</Amt>
          </TxAmt>
        </AmtDtls>
        <NtryDtls>
          <Btch>
            <MsgId>UXC23020100044</MsgId>
            <PmtInfId>UXC23020100044R00001</PmtInfId>
            <NbOfTxs>8</NbOfTxs>
            <TtlAmt Ccy="CHF">80</TtlAmt>
            <CdtDbtInd>DBIT</CdtDbtInd>
          </Btch>
          <TxDtls>
            <Refs>
              <MsgId>UXC23020100044</MsgId>
              <AcctSvcrRef>ACSR230201095801</AcctSvcrRef>
              <PmtInfId>UXC23020100044R00001</PmtInfId>
              <InstrId>UXC23020100044I00001</InstrId>
              <EndToEndId>UXC23020100044E00001</EndToEndId>
            </Refs>
            <Amt Ccy="CHF">10</Amt>
            <CdtDbtInd>DBIT</CdtDbtInd>
            <AmtDtls>
              <InstdAmt>
                <Amt Ccy="CHF">10</Amt>
              </InstdAmt>
              <TxAmt>
                <Amt Ccy="CHF">10</Amt>
              </TxAmt>
            </AmtDtls>
            <BkTxCd>
              <Domn>
                <Cd>PMNT</Cd>
                <Fmly>
                  <Cd>ICDT</Cd>
                  <SubFmlyCd>AUTT</SubFmlyCd>
                </Fmly>
              </Domn>
              <Prtry>
                <Cd>Z24</Cd>
              </Prtry>
            </BkTxCd>
            <RltdPties>
              <InitgPty>
                <Nm>Unifits</Nm>
              </InitgPty>
              <UltmtDbtr>
                <Nm>Max Muster</Nm>
                <PstlAdr>
                  <StrtNm>Musterstrasse</StrtNm>
                  <BldgNb>11</BldgNb>
                  <PstCd>9999</PstCd>
                  <TwnNm>Musterhausen</TwnNm>
                  <Ctry>CH</Ctry>
                </PstlAdr>
              </UltmtDbtr>
              <Cdtr>
                <Nm>UBS Optimus Foundation</Nm>
                <PstlAdr>
                  <StrtNm>Augustinerhof</StrtNm>
                  <BldgNb>1</BldgNb>
                  <PstCd>8098</PstCd>
                  <TwnNm>Zürich</TwnNm>
                  <Ctry>CH</Ctry>
                </PstlAdr>
              </Cdtr>
              <CdtrAcct>
                <Id>
                  <IBAN>CH713000523370000070N</IBAN>
                </Id>
              </CdtrAcct>
            </RltdPties>
            <RmtInf>
              <Strd>
                <CdtrRefInf>
                  <Tp>
                    <CdOrPrtry>
                      <Prtry>QRR</Prtry>
                    </CdOrPrtry>
                  </Tp>
                  <Ref>299999000000000000100000012</Ref>
                </CdtrRefInf>
              </Strd>
            </RmtInf>
            <AddtlTxInf>Order</AddtlTxInf>
          </TxDtls>
          <TxDtls>
            <Refs>
              <MsgId>UXC23020100044</MsgId>
              <AcctSvcrRef>ACSR230201095801</AcctSvcrRef>
              <PmtInfId>UXC23020100044R00001</PmtInfId>
              <InstrId>UXC23020100044I00002</InstrId>
              <EndToEndId>UXC23020100044E00002</EndToEndId>
            </Refs>
            <Amt Ccy="CHF">10</Amt>
            <CdtDbtInd>DBIT</CdtDbtInd>
            <AmtDtls>
              <InstdAmt>
                <Amt Ccy="CHF">10</Amt>
              </InstdAmt>
              <TxAmt>
                <Amt Ccy="CHF">10</Amt>
              </TxAmt>
            </AmtDtls>
            <BkTxCd>
              <Domn>
                <Cd>PMNT</Cd>
                <Fmly>
                  <Cd>ICDT</Cd>
                  <SubFmlyCd>AUTT</SubFmlyCd>
                </Fmly>
              </Domn>
              <Prtry>
                <Cd>Z24</Cd>
              </Prtry>
            </BkTxCd>
            <RltdPties>
              <InitgPty>
                <Nm>Unifits</Nm>
              </InitgPty>
              <UltmtDbtr>
                <Nm>Max Muster</Nm>
                <PstlAdr>
                  <StrtNm>Musterstrasse</StrtNm>
                  <BldgNb>11</BldgNb>
                  <PstCd>9999</PstCd>
                  <TwnNm>Musterhausen</TwnNm>
                  <Ctry>CH</Ctry>
                </PstlAdr>
              </UltmtDbtr>
              <Cdtr>
                <Nm>UBS Optimus Foundation</Nm>
                <PstlAdr>
                  <StrtNm>Augustinerhof</StrtNm>
                  <BldgNb>1</BldgNb>
                  <PstCd>8098</PstCd>
                  <TwnNm>Zürich</TwnNm>
                  <Ctry>CH</Ctry>
                </PstlAdr>
              </Cdtr>
              <CdtrAcct>
                <Id>
                  <IBAN>CH713000523370000070N</IBAN>
                </Id>
              </CdtrAcct>
            </RltdPties>
            <RmtInf>
              <Strd>
                <CdtrRefInf>
                  <Tp>
                    <CdOrPrtry>
                      <Prtry>QRR</Prtry>
                    </CdOrPrtry>
                  </Tp>
                  <Ref>299999000000000000100000012</Ref>
                </CdtrRefInf>
              </Strd>
            </RmtInf>
            <AddtlTxInf>Order</AddtlTxInf>
          </TxDtls>
          <TxDtls>
            <Refs>
              <MsgId>UXC23020100044</MsgId>
              <AcctSvcrRef>ACSR230201095801</AcctSvcrRef>
              <PmtInfId>UXC23020100044R00001</PmtInfId>
              <InstrId>UXC23020100044I00003</InstrId>
              <EndToEndId>UXC23020100044E00003</EndToEndId>
            </Refs>
            <Amt Ccy="CHF">10</Amt>
            <CdtDbtInd>DBIT</CdtDbtInd>
            <AmtDtls>
              <InstdAmt>
                <Amt Ccy="CHF">10</Amt>
              </InstdAmt>
              <TxAmt>
                <Amt Ccy="CHF">10</Amt>
              </TxAmt>
            </AmtDtls>
            <BkTxCd>
              <Domn>
                <Cd>PMNT</Cd>
                <Fmly>
                  <Cd>ICDT</Cd>
                  <SubFmlyCd>AUTT</SubFmlyCd>
                </Fmly>
              </Domn>
              <Prtry>
                <Cd>Z24</Cd>
              </Prtry>
            </BkTxCd>
            <RltdPties>
              <InitgPty>
                <Nm>Unifits</Nm>
              </InitgPty>
              <UltmtDbtr>
                <Nm>Max Muster</Nm>
                <PstlAdr>
                  <Ctry>CH</Ctry>
                  <AdrLine>9999 Musterhausen</AdrLine>
                </PstlAdr>
              </UltmtDbtr>
              <Cdtr>
                <Nm>UBS Optimus Foundation</Nm>
                <PstlAdr>
                  <Ctry>CH</Ctry>
                  <AdrLine>8098 Zürich</AdrLine>
                </PstlAdr>
              </Cdtr>
              <CdtrAcct>
                <Id>
                  <IBAN>CH713000523370000070N</IBAN>
                </Id>
              </CdtrAcct>
            </RltdPties>
            <RmtInf>
              <Strd>
                <CdtrRefInf>
                  <Tp>
                    <CdOrPrtry>
                      <Prtry>QRR</Prtry>
                    </CdOrPrtry>
                  </Tp>
                  <Ref>299999000000000000100000012</Ref>
                </CdtrRefInf>
              </Strd>
            </RmtInf>
            <AddtlTxInf>Order</AddtlTxInf>
          </TxDtls>
          <TxDtls>
            <Refs>
              <MsgId>UXC23020100044</MsgId>
              <AcctSvcrRef>ACSR230201095801</AcctSvcrRef>
              <PmtInfId>UXC23020100044R00001</PmtInfId>
              <InstrId>UXC23020100044I00004</InstrId>
              <EndToEndId>UXC23020100044E00004</EndToEndId>
            </Refs>
            <Amt Ccy="CHF">10</Amt>
            <CdtDbtInd>DBIT</CdtDbtInd>
            <AmtDtls>
              <InstdAmt>
                <Amt Ccy="CHF">10</Amt>
              </InstdAmt>
              <TxAmt>
                <Amt Ccy="CHF">10</Amt>
              </TxAmt>
            </AmtDtls>
            <BkTxCd>
              <Domn>
                <Cd>PMNT</Cd>
                <Fmly>
                  <Cd>ICDT</Cd>
                  <SubFmlyCd>AUTT</SubFmlyCd>
                </Fmly>
              </Domn>
              <Prtry>
                <Cd>Z24</Cd>
              </Prtry>
            </BkTxCd>
            <RltdPties>
              <InitgPty>
                <Nm>Unifits</Nm>
              </InitgPty>
              <Cdtr>
                <Nm>UBS Optimus Foundation</Nm>
                <PstlAdr>
                  <StrtNm>Augustinerhof</StrtNm>
                  <BldgNb>1</BldgNb>
                  <PstCd>8098</PstCd>
                  <TwnNm>Zürich</TwnNm>
                  <Ctry>CH</Ctry>
                </PstlAdr>
              </Cdtr>
              <CdtrAcct>
                <Id>
                  <IBAN>CH713000523370000070N</IBAN>
                </Id>
              </CdtrAcct>
            </RltdPties>
            <RmtInf>
              <Strd>
                <CdtrRefInf>
                  <Tp>
                    <CdOrPrtry>
                      <Prtry>QRR</Prtry>
                    </CdOrPrtry>
                  </Tp>
                  <Ref>299999000000000000100000012</Ref>
                </CdtrRefInf>
              </Strd>
            </RmtInf>
            <AddtlTxInf>Order</AddtlTxInf>
          </TxDtls>
          <TxDtls>
            <Refs>
              <MsgId>UXC23020100044</MsgId>
              <AcctSvcrRef>ACSR230201095801</AcctSvcrRef>
              <PmtInfId>UXC23020100044R00001</PmtInfId>
              <InstrId>UXC23020100044I00005</InstrId>
              <EndToEndId>UXC23020100044E00005</EndToEndId>
            </Refs>
            <Amt Ccy="CHF">10</Amt>
            <CdtDbtInd>DBIT</CdtDbtInd>
            <AmtDtls>
              <InstdAmt>
                <Amt Ccy="CHF">10</Amt>
              </InstdAmt>
              <TxAmt>
                <Amt Ccy="CHF">10</Amt>
              </TxAmt>
            </AmtDtls>
            <BkTxCd>
              <Domn>
                <Cd>PMNT</Cd>
                <Fmly>
                  <Cd>ICDT</Cd>
                  <SubFmlyCd>AUTT</SubFmlyCd>
                </Fmly>
              </Domn>
              <Prtry>
                <Cd>Z24</Cd>
              </Prtry>
            </BkTxCd>
            <RltdPties>
              <InitgPty>
                <Nm>Unifits</Nm>
              </InitgPty>
              <UltmtDbtr>
                <Nm>Max Muster</Nm>
                <PstlAdr>
                  <StrtNm>Musterstrasse</StrtNm>
                  <BldgNb>11</BldgNb>
                  <PstCd>9999</PstCd>
                  <TwnNm>Musterhausen</TwnNm>
                  <Ctry>CH</Ctry>
                </PstlAdr>
              </UltmtDbtr>
              <Cdtr>
                <Nm>UBS Optimus Foundation</Nm>
                <PstlAdr>
                  <StrtNm>Augustinerhof</StrtNm>
                  <BldgNb>1</BldgNb>
                  <PstCd>8098</PstCd>
                  <TwnNm>Zürich</TwnNm>
                  <Ctry>CH</Ctry>
                </PstlAdr>
              </Cdtr>
              <CdtrAcct>
                <Id>
                  <IBAN>CH5800791123000889012</IBAN>
                </Id>
              </CdtrAcct>
            </RltdPties>
            <RmtInf>
              <Strd>
                <CdtrRefInf>
                  <Tp>
                    <CdOrPrtry>
                      <Cd>SCOR</Cd>
                    </CdOrPrtry>
                  </Tp>
                  <Ref>RF18539007547034</Ref>
                </CdtrRefInf>
              </Strd>
            </RmtInf>
            <AddtlTxInf>Order</AddtlTxInf>
          </TxDtls>
          <TxDtls>
            <Refs>
              <MsgId>UXC23020100044</MsgId>
              <AcctSvcrRef>ACSR230201095801</AcctSvcrRef>
              <PmtInfId>UXC23020100044R00001</PmtInfId>
              <InstrId>UXC23020100044I00006</InstrId>
              <EndToEndId>UXC23020100044E00006</EndToEndId>
            </Refs>
            <Amt Ccy="CHF">10</Amt>
            <CdtDbtInd>DBIT</CdtDbtInd>
            <AmtDtls>
              <InstdAmt>
                <Amt Ccy="CHF">10</Amt>
              </InstdAmt>
              <TxAmt>
                <Amt Ccy="CHF">10</Amt>
              </TxAmt>
            </AmtDtls>
            <BkTxCd>
              <Domn>
                <Cd>PMNT</Cd>
                <Fmly>
                  <Cd>ICDT</Cd>
                  <SubFmlyCd>AUTT</SubFmlyCd>
                </Fmly>
              </Domn>
              <Prtry>
                <Cd>Z24</Cd>
              </Prtry>
            </BkTxCd>
            <RltdPties>
              <InitgPty>
                <Nm>Unifits</Nm>
              </InitgPty>
              <UltmtDbtr>
                <Nm>Max Muster</Nm>
                <PstlAdr>
                  <StrtNm>Musterstrasse</StrtNm>
                  <BldgNb>11</BldgNb>
                  <PstCd>9999</PstCd>
                  <TwnNm>Musterhausen</TwnNm>
                  <Ctry>CH</Ctry>
                </PstlAdr>
              </UltmtDbtr>
              <Cdtr>
                <Nm>UBS Optimus Foundation</Nm>
                <PstlAdr>
                  <StrtNm>Augustinerhof</StrtNm>
                  <BldgNb>1</BldgNb>
                  <PstCd>8098</PstCd>
                  <TwnNm>Zürich</TwnNm>
                  <Ctry>CH</Ctry>
                </PstlAdr>
              </Cdtr>
              <CdtrAcct>
                <Id>
                  <IBAN>CH5800791123000889012</IBAN>
                </Id>
              </CdtrAcct>
            </RltdPties>
            <RmtInf>
              <Strd>
                <CdtrRefInf>
                  <Tp>
                    <CdOrPrtry>
                      <Cd>SCOR</Cd>
                    </CdOrPrtry>
                  </Tp>
                  <Ref>RF18539007547034</Ref>
                </CdtrRefInf>
              </Strd>
            </RmtInf>
            <AddtlTxInf>Order</AddtlTxInf>
          </TxDtls>
          <TxDtls>
            <Refs>
              <MsgId>UXC23020100044</MsgId>
              <AcctSvcrRef>ACSR230201095801</AcctSvcrRef>
              <PmtInfId>UXC23020100044R00001</PmtInfId>
              <InstrId>UXC23020100044I00007</InstrId>
              <EndToEndId>UXC23020100044E00007</EndToEndId>
            </Refs>
            <Amt Ccy="CHF">10</Amt>
            <CdtDbtInd>DBIT</CdtDbtInd>
            <AmtDtls>
              <InstdAmt>
                <Amt Ccy="CHF">10</Amt>
              </InstdAmt>
              <TxAmt>
                <Amt Ccy="CHF">10</Amt>
              </TxAmt>
            </AmtDtls>
            <BkTxCd>
              <Domn>
                <Cd>PMNT</Cd>
                <Fmly>
                  <Cd>ICDT</Cd>
                  <SubFmlyCd>AUTT</SubFmlyCd>
                </Fmly>
              </Domn>
              <Prtry>
                <Cd>Z24</Cd>
              </Prtry>
            </BkTxCd>
            <RltdPties>
              <InitgPty>
                <Nm>Unifits</Nm>
              </InitgPty>
              <UltmtDbtr>
                <Nm>Max Muster</Nm>
                <PstlAdr>
                  <Ctry>CH</Ctry>
                  <AdrLine>9999 Musterhausen</AdrLine>
                </PstlAdr>
              </UltmtDbtr>
              <Cdtr>
                <Nm>UBS Optimus Foundation</Nm>
                <PstlAdr>
                  <StrtNm>Augustinerhof</StrtNm>
                  <BldgNb>1</BldgNb>
                  <PstCd>8098</PstCd>
                  <TwnNm>Zürich</TwnNm>
                  <Ctry>CH</Ctry>
                </PstlAdr>
              </Cdtr>
              <CdtrAcct>
                <Id>
                  <IBAN>CH5230005023456781000</IBAN>
                </Id>
              </CdtrAcct>
            </RltdPties>
            <RmtInf>
              <Strd>
                <CdtrRefInf>
                  <Tp>
                    <CdOrPrtry>
                      <Prtry>QRR</Prtry>
                    </CdOrPrtry>
                  </Tp>
                  <Ref>299999000000000000100000012</Ref>
                </CdtrRefInf>
              </Strd>
            </RmtInf>
            <AddtlTxInf>Order</AddtlTxInf>
          </TxDtls>
          <TxDtls>
            <Refs>
              <MsgId>UXC23020100044</MsgId>
              <AcctSvcrRef>ACSR230201095801</AcctSvcrRef>
              <PmtInfId>UXC23020100044R00001</PmtInfId>
              <InstrId>UXC23020100044I00008</InstrId>
              <EndToEndId>UXC23020100044E00008</EndToEndId>
            </Refs>
            <Amt Ccy="CHF">10</Amt>
            <CdtDbtInd>DBIT</CdtDbtInd>
            <AmtDtls>
              <InstdAmt>
                <Amt Ccy="CHF">10</Amt>
              </InstdAmt>
              <TxAmt>
                <Amt Ccy="CHF">10</Amt>
              </TxAmt>
            </AmtDtls>
            <BkTxCd>
              <Domn>
                <Cd>PMNT</Cd>
                <Fmly>
                  <Cd>ICDT</Cd>
                  <SubFmlyCd>AUTT</SubFmlyCd>
                </Fmly>
              </Domn>
              <Prtry>
                <Cd>Z24</Cd>
              </Prtry>
            </BkTxCd>
            <RltdPties>
              <InitgPty>
                <Nm>Unifits</Nm>
              </InitgPty>
              <UltmtDbtr>
                <Nm>Max Muster</Nm>
                <PstlAdr>
                  <StrtNm>Musterstrasse</StrtNm>
                  <BldgNb>11</BldgNb>
                  <PstCd>9999</PstCd>
                  <TwnNm>Musterhausen</TwnNm>
                  <Ctry>CH</Ctry>
                </PstlAdr>
              </UltmtDbtr>
              <Cdtr>
                <Nm>UBS Optimus Foundation</Nm>
                <PstlAdr>
                  <StrtNm>Augustinerhof</StrtNm>
                  <BldgNb>1</BldgNb>
                  <PstCd>8098</PstCd>
                  <TwnNm>Zürich</TwnNm>
                  <Ctry>CH</Ctry>
                </PstlAdr>
              </Cdtr>
              <CdtrAcct>
                <Id>
                  <IBAN>CH713000523370000070N</IBAN>
                </Id>
              </CdtrAcct>
            </RltdPties>
            <RmtInf>
              <Strd>
                <CdtrRefInf>
                  <Tp>
                    <CdOrPrtry>
                      <Prtry>QRR</Prtry>
                    </CdOrPrtry>
                  </Tp>
                  <Ref>299999000000000000100000012</Ref>
                </CdtrRefInf>
              </Strd>
            </RmtInf>
            <AddtlTxInf>Order</AddtlTxInf>
          </TxDtls>
        </NtryDtls>
        <AddtlNtryInf>Order</AddtlNtryInf>
      </Ntry>
    </Ntfctn>
  </BkToCstmrDbtCdtNtfctn>
</Document>