<?xml version="1.0" encoding="UTF-8" standalone="yes"?>
<document xmlns="urn:iso:std:iso:20022:tech:xsd:camt.052.001.03">
    <BkToCstmrAcctRpt>
        <GrpHdr>
            <MsgId>PB_Umsatzauskunft_KtoNr123_17-12-2012_1559</MsgId>
            <CreDtTm>2012-12-17T15:59:47.092+01:00</CreDtTm>
            <MsgRcpt>
                <Nm>H.KAISER,F.AUCH,B.NEUNER</Nm>
            </MsgRcpt>
        </GrpHdr>
        <Rpt>
            <Id>PB_Umsatzauskunft_KtoNr123_17-12-2012_1559</Id>
            <CreDtTm>2012-12-17T15:59:47.092+01:00</CreDtTm>
            <Acct>
                <Id>
                    <IBAN>DE80000000800000617802</IBAN>
                </Id>
            </Acct>
            <Bal>
                <Tp>
                    <CdOrPrtry>
                        <Cd>CLAV</Cd>
                    </CdOrPrtry>
                </Tp>
                <Amt Ccy="EUR">596.22</Amt>
                <CdtDbtInd>CRDT</CdtDbtInd>
                <Dt>
                    <Dt>2012-12-17T15:59:47.092+01:00</Dt>
                </Dt>
            </Bal>
            <Ntry>
                <Amt Ccy="EUR">21.40</Amt>
                <CdtDbtInd>CRDT</CdtDbtInd>
                <Sts>BOOK</Sts>
                <BookgDt>
                    <Dt>2012-12-17T00:00:00.000+01:00</Dt>
                </BookgDt>
                <ValDt>
                    <Dt>2012-12-17T00:00:00.000+01:00</Dt>
                </ValDt>
                <NtryDtls>
                    <TxDtls>
                        <BkTxCd>
                            <Prtry>
                                <Cd>NTRF+051</Cd>
                                <Issr>ZKA</Issr>
                            </Prtry>
                        </BkTxCd>
                        <RltdPties>
                            <Dbtr>
                                <Nm>PATRICK</Nm>
                            </Dbtr>
                            <Cdtr>
                                <Nm>NEUNER</Nm>
                            </Cdtr>
                        </RltdPties>
                        <RmtInf>
                            <Ustrd>KAUF 3</Ustrd>
                        </RmtInf>
                    </TxDtls>
                </NtryDtls>
            </Ntry>
            <Ntry>
                <Amt Ccy="EUR">21.40</Amt>
                <CdtDbtInd>CRDT</CdtDbtInd>
                <Sts>BOOK</Sts>
                <BookgDt>
                    <Dt>2012-12-17T00:00:00.000+01:00</Dt>
                </BookgDt>
                <ValDt>
                    <Dt>2012-12-17T00:00:00.000+01:00</Dt>
                </ValDt>
                <NtryDtls>
                    <TxDtls>
                        <BkTxCd>
                            <Prtry>
                                <Cd>NTRF+051</Cd>
                                <Issr>ZKA</Issr>
                            </Prtry>
                        </BkTxCd>
                        <RltdPties>
                            <Dbtr>
                                <Nm>ANDREAS</Nm>
                            </Dbtr>
                            <Cdtr>
                                <Nm>NEUNER</Nm>
                            </Cdtr>
                        </RltdPties>
                        <RmtInf>
                            <Ustrd>DAWANDA 3</Ustrd>
                        </RmtInf>
                    </TxDtls>
                </NtryDtls>
            </Ntry>
            <Ntry>
                <Amt Ccy="EUR">71.40</Amt>
                <CdtDbtInd>DBIT</CdtDbtInd>
                <Sts>BOOK</Sts>
                <BookgDt>
                    <Dt>2012-12-14T00:00:00.000+01:00</Dt>
                </BookgDt>
                <ValDt>
                    <Dt>2012-12-14T00:00:00.000+01:00</Dt>
                </ValDt>
                <NtryDtls>
                    <TxDtls>
                        <BkTxCd>
                            <Prtry>
                                <Cd>NCMI+020</Cd>
                                <Issr>ZKA</Issr>
                            </Prtry>
                        </BkTxCd>
                        <RltdPties>
                            <Dbtr>
                                <Nm>NEUNER</Nm>
                            </Dbtr>
                            <Cdtr>
                                <Nm>malmo GmbH</Nm>
                            </Cdtr>
                        </RltdPties>
                        <RmtInf>
                            <Ustrd>12345</Ustrd>
                            <Ustrd>Rechnung 123,</Ustrd>
                            <Ustrd>Kunde Nr. 1111</Ustrd>
                            <Ustrd>openbroascast Veröffentlich</Ustrd>
                        </RmtInf>
                    </TxDtls>
                </NtryDtls>
            </Ntry>
            <Ntry>
                <Amt Ccy="EUR">21.40</Amt>
                <CdtDbtInd>CRDT</CdtDbtInd>
                <Sts>BOOK</Sts>
                <BookgDt>
                    <Dt>2012-12-14T00:00:00.000+01:00</Dt>
                </BookgDt>
                <ValDt>
                    <Dt>2012-12-14T00:00:00.000+01:00</Dt>
                </ValDt>
                <NtryDtls>
                    <TxDtls>
                        <BkTxCd>
                            <Prtry>
                                <Cd>NTRF+051</Cd>
                                <Issr>ZKA</Issr>
                            </Prtry>
                        </BkTxCd>
                        <RltdPties>
                            <Dbtr>
                                <Nm>VANESSA</Nm>
                            </Dbtr>
                            <Cdtr>
                                <Nm>NEUNER</Nm>
                            </Cdtr>
                        </RltdPties>
                        <RmtInf>
                            <Ustrd> KAUF 0</Ustrd>
                        </RmtInf>
                    </TxDtls>
                </NtryDtls>
            </Ntry>
            <Ntry>
                <Amt Ccy="EUR">21.40</Amt>
                <CdtDbtInd>CRDT</CdtDbtInd>
                <Sts>BOOK</Sts>
                <BookgDt>
                    <Dt>2012-12-14T00:00:00.000+01:00</Dt>
                </BookgDt>
                <ValDt>
                    <Dt>2012-12-14T00:00:00.000+01:00</Dt>
                </ValDt>
                <NtryDtls>
                    <TxDtls>
                        <BkTxCd>
                            <Prtry>
                                <Cd>NTRF+051</Cd>
                                <Issr>ZKA</Issr>
                            </Prtry>
                        </BkTxCd>
                        <RltdPties>
                            <Dbtr>
                                <Nm>FARINA</Nm>
                            </Dbtr>
                            <Cdtr>
                                <Nm>NEUNER</Nm>
                            </Cdtr>
                        </RltdPties>
                        <RmtInf>
                            <Ustrd>KAUF 4</Ustrd>
                        </RmtInf>
                    </TxDtls>
                </NtryDtls>
            </Ntry>
            <Ntry>
                <Amt Ccy="EUR">21.40</Amt>
                <CdtDbtInd>CRDT</CdtDbtInd>
                <Sts>BOOK</Sts>
                <BookgDt>
                    <Dt>2012-12-12T00:00:00.000+01:00</Dt>
                </BookgDt>
                <ValDt>
                    <Dt>2012-12-12T00:00:00.000+01:00</Dt>
                </ValDt>
                <NtryDtls>
                    <TxDtls>
                        <BkTxCd>
                            <Prtry>
                                <Cd>NTRF+051</Cd>
                                <Issr>ZKA</Issr>
                            </Prtry>
                        </BkTxCd>
                        <RltdPties>
                            <Dbtr>
                                <Nm>ANNE</Nm>
                            </Dbtr>
                            <Cdtr>
                                <Nm>NEUNER</Nm>
                            </Cdtr>
                        </RltdPties>
                        <RmtInf>
                            <Ustrd>Kauf 4</Ustrd>
                        </RmtInf>
                    </TxDtls>
                </NtryDtls>
            </Ntry>
            <Ntry>
                <Amt Ccy="EUR">203.51</Amt>
                <CdtDbtInd>DBIT</CdtDbtInd>
                <Sts>BOOK</Sts>
                <BookgDt>
                    <Dt>2012-12-11T00:00:00.000+01:00</Dt>
                </BookgDt>
                <ValDt>
                    <Dt>2012-12-11T00:00:00.000+01:00</Dt>
                </ValDt>
                <NtryDtls>
                    <TxDtls>
                        <BkTxCd>
                            <Prtry>
                                <Cd>NCMI+020</Cd>
                                <Issr>ZKA</Issr>
                            </Prtry>
                        </BkTxCd>
                        <RltdPties>
                            <Dbtr>
                                <Nm>NEUNER</Nm>
                            </Dbtr>
                            <Cdtr>
                                <Nm>jetpack GmbH</Nm>
                            </Cdtr>
                        </RltdPties>
                        <RmtInf>
                            <Ustrd>456</Ustrd>
                            <Ustrd>Rechnung DE-456</Ustrd>
                            <Ustrd>250 567 kaka</Ustrd>
                            <Ustrd>Referenz 689</Ustrd>
                        </RmtInf>
                    </TxDtls>
                </NtryDtls>
            </Ntry>
            <AddtlRptInf>Summe vorgemerkter Umsätze: 0 EUR</AddtlRptInf>
        </Rpt>
    </BkToCstmrAcctRpt>
</document>